% Encoding: UTF-8

@InProceedings{JainACC2017,
  author       = {Jain, Achin and Behl, Madhur and Mangharam, Rahul},
  title        = {{D}ata {P}redictive {C}ontrol for building energy management},
  booktitle    = {Proceedings of the 2017 American Control Conference},
  year         = {2017},
  organization = {IEEE},
}

@InProceedings{JainCDC2017,
  author       = {Jain, Achin and Smarra, Francesco and Mangharam, Rahul},
  title        = {{D}ata {P}redictive {C}ontrol using {R}egression {T}rees and {E}nsemble {L}earning},
  booktitle    = {Proceedings of the 2017 Conference on Decision and Control},
  year         = {2017},
  organization = {IEEE},
}

@Article{Garnett2013,
  author  = {Garnett, Roman and Osborne, Michael A and Hennig, Philipp},
  title   = {Active learning of linear embeddings for Gaussian processes},
  journal = {arXiv preprint arXiv:1310.6740},
  year    = {2013},
}

@Book{Rasmussen2006,
  title     = {Gaussian processes for machine learning},
  publisher = {MIT press Cambridge},
  year      = {2006},
  author    = {Rasmussen, Carl Edward and Williams, Christopher KI},
  volume    = {1},
}

@Article{Rasmussen2010,
  author  = {Rasmussen, Carl Edward and Nickisch, Hannes},
  title   = {Gaussian processes for machine learning (GPML) toolbox},
  journal = {Journal of Machine Learning Research},
  year    = {2010},
  volume  = {11},
  number  = {Nov},
  pages   = {3011--3015},
}

@Book{Friedman2001,
  title     = {The elements of statistical learning},
  publisher = {Springer series in statistics Springer, Berlin},
  year      = {2001},
  author    = {Friedman, Jerome and Hastie, Trevor and Tibshirani, Robert},
  volume    = {1},
}

@InProceedings{Berkenkamp2015,
  author       = {Berkenkamp, Felix and Schoellig, Angela P},
  title        = {Safe and robust learning control with Gaussian processes},
  booktitle    = {Proceedings of the 2015 European Control Conference (ECC)},
  year         = {2015},
  pages        = {2496--2501},
  organization = {IEEE},
}

@Article{Desaraju2016,
  author  = {Desaraju, Vishnu R and Michael, Nathan},
  title   = {Experience-driven Predictive Control},
  journal = {Robot Learning and Planning (RLP 2016)},
  year    = {2016},
  pages   = {29},
}

@Article{Bojarski2016,
  author  = {Bojarski, Mariusz and Del Testa, Davide and Dworakowski, Daniel and others},
  title   = {End to end learning for self-driving cars},
  journal = {arXiv preprint arXiv:1604.07316},
  year    = {2016},
}

@Article{Sturzenegger2016,
  author    = {Sturzenegger, David and Gyalistras, Dimitrios and Morari, Manfred and Smith, Roy S},
  title     = {Model Predictive Climate Control of a Swiss Office Building: Implementation, Results, and Cost--Benefit Analysis},
  journal   = {IEEE Transactions on Control Systems Technology},
  year      = {2016},
  volume    = {24},
  number    = {1},
  pages     = {1--12},
  publisher = {IEEE},
}

@Article{vzavcekova2014,
  author    = {{\v{Z}}{\'a}{\v{c}}ekov{\'a}, Eva and V{\'a}{\v{n}}a, Zden{\v{e}}k and Cigler, Ji{\v{r}}{\'\i}},
  title     = {Towards the real-life implementation of {MPC} for an office building: Identification issues},
  journal   = {Applied Energy},
  year      = {2014},
  volume    = {135},
  pages     = {53--62},
  publisher = {Elsevier},
}

@Article{Krause2008,
  author  = {Krause, Andreas and Singh, Ajit and Guestrin, Carlos},
  title   = {Near-optimal sensor placements in Gaussian processes: Theory, efficient algorithms and empirical studies},
  journal = {Machine Learning Research},
  year    = {2008},
  volume  = {9},
  number  = {Feb},
  pages   = {235--284},
}

@Article{Emery1998,
  author    = {Emery, AF and Nenarokomov, Aleksey V},
  title     = {Optimal experiment design},
  journal   = {Measurement Science and Technology},
  year      = {1998},
  volume    = {9},
  number    = {6},
  pages     = {864},
  publisher = {IOP Publishing},
}

@Article{Fedorov2010,
  author    = {Fedorov, Valerii},
  title     = {Optimal experimental design},
  journal   = {Wiley Interdisciplinary Reviews: Computational Statistics},
  year      = {2010},
  volume    = {2},
  number    = {5},
  pages     = {581--589},
  publisher = {Wiley Online Library},
}

% The bibliography for the paper

@Conference{openbuildnetconf16,
  Title                    = {{OpenBuildNet} Framework for Distributed Co-Simulation of Smart Energy Systems},
  Author                   = {Truong X. Nghiem and Altu\u{g} Bitlislio\u{g}lu and Tomasz Gorecki and Faran A. Qureshi and Colin N. Jones},
  Booktitle                = {ICARCV'16},
  Year                     = {2016}
}
% International Conf. on Control, Automation, Robotics and Vision

@Misc{openbuildnetweb,
  Title                    = {{OpenBuildNet} Co-simulation Platform},
  Author                   = {{Automatic Control Laboratory EPFL}},
  HowPublished             = {\url{http://sites.google.com/site/buildnetproject}},
  Year                     = {2016}
}

@Article{lubinetal16two,
  Title                    = {Two-sided linear chance constraints and extensions},
  Author                   = {Lubin, M. and Bienstock, D. and Vielma, J.~P.},
  Journal                  = {ArXiv e-prints},
  Year                     = {2016},
  Month                    = feb,
  Note                     = {{arXiv:1507.01995v2 [math.OC]}},
  Archiveprefix            = {arXiv},
  Eprint                   = {1507.01995},
  Keywords                 = {Mathematics - Optimization and Control},
  Primaryclass             = {math.OC}
}

@PhdThesis{girard04approximate,
  Title                    = {Approximate methods for propagation of uncertainty with Gaussian process models},
  Author                   = {Girard, Agathe},
  School                   = {University of Glasgow},
  Year                     = {2004},
  Type = {{PhD} thesis}
}

@Conference{lymperopoulosetal15pas,
  Title                    = {Providing ancillary service with commercial buildings: the Swiss perspective},
  Author                   = {Ioannis Lymperopoulos and Faran A. Qureshi and Truong X. Nghiem and Ali Ahmadi Khatir and Colin N. Jones},
  Booktitle                = {International Symposium on Advanced Control of Chemical Processes ({ADCHEM})},
  Year                     = {2015}
}

@InProceedings{qureshietal14model,
  Title                    = {Model predictive control for market-based demand response participation},
  Author                   = {Qureshi, Faran A and Gorecki, Tomasz T and Jones, Colin N},
  Booktitle                = {{IFAC} Proceedings},
  Year                     = {2014},
  Number                   = {3},
  Pages                    = {11153--11158},
  Publisher                = {Elsevier},
  Volume                   = {47}
}

@InProceedings{vrettosetal13predictive,
  Title                    = {Predictive control of buildings for demand response with dynamic day-ahead and real-time prices},
  Author                   = {Vrettos, Evangelos and Lai, KuanLin and Oldewurtel, Frauke and Andersson, G{\"o}ran},
  Booktitle                = {European Control Conference (ECC), Z{\"u}rich, Switzerland},
  Year                     = {2013}
}

% Nicholas DeForest and Ke Wang and Taiyou Yong and Michael Stadler},
@Article{yinetal16quantifying,
  Title                    = {Quantifying flexibility of commercial and residential loads for demand response using setpoint changes },
  Author                   = {Rongxin Yin and Emre C. Kara and Yaping Li and others},
  Journal                  = {Applied Energy},
  Year                     = {2016}
}

@Article{maasoumyetal16smart,
  Title                    = {Smart Connected Buildings Design Automation: Foundations and Trends},
  Author                   = {Maasoumy, Mehdi and Sangiovanni-Vincentelli, Alberto and others},
  Journal                  = {Foundations and Trends in Electronic Design Automation},
  Year                     = {2016},
  Pages                    = {1--143},
  Volume                   = {10},
  Publisher                = {Now Publishers, Inc.}
}

@book{maciejowski_predictive_2002,
	title = {Predictive control: with constraints},
	shorttitle = {Predictive control},
	publisher = {Pearson},
	author = {Maciejowski, Jan Marian},
	year = {2002},
}

@InProceedings{KiliccoteEtAl06aca,
  Title                    = {Advanced controls and communications for demand response and energy efficiency in commercial buildings},
  Author                   = {Kiliccote, S. and Piette, M.A. and Hansen, D.},
  Booktitle                = {Carnegie Mellon Conf. in Electric Power Systems},
  Year                     = {2006}
}

@PHDTHESIS{Andersson2013b,
  author = {Joel Andersson},
  title = {{A} {G}eneral-{P}urpose {S}oftware {F}ramework for {D}ynamic {O}ptimization},
  school = {KU Leuven},
  year = {2013},
  type = {{PhD} thesis}
}

@article{wachter2006implementation,
  title={On the implementation of an interior-point filter line-search algorithm for large-scale nonlinear programming},
  author={W{\"a}chter, Andreas and Biegler, Lorenz T},
  journal={Mathematical programming},
  volume={106},
  number={1},
  pages={25--57},
  year={2006},
  publisher={Springer}
}

@Article{siano14demand,
  Title                    = {Demand response and smart gridsâ€”A survey},
  Author                   = {Siano, Pierluigi},
  Journal                  = {Renewable and Sustainable Energy Reviews},
  Year                     = {2014},
  Publisher                = {Elsevier}
}

@Conference{behletal15dradvisor,
  Title                    = {{DR-Advisor}: A Data Driven Demand Response Recommender System},
  Author                   = {Behl, Madhur and Truong X. Nghiem and Mangharam, Rahul},
  Booktitle                = {Proceedings of {CISBAT}},
  Year                     = {2015}
}

@InProceedings{nohetal13data,
  Title                    = {Data-driven forecasting algorithms for building energy consumption},
  Author                   = {Noh, Hae Young and Rajagopal, Ram},
  Booktitle                = {Proceedings of {SPIE}},
  Year                     = {2013}
}

@Article{zhangetal15comparisons,
  Title                    = {Comparisons of inverse modeling approaches for predicting building energy performance},
  Author                   = {Zhang, Yuna and O'Neill, Zheng and Dong, Bing and Augenbroe, Godfried},
  Journal                  = {Building and Environment},
  Year                     = {2015},
  Pages                    = {177--190},
  Volume                   = {86},
  Publisher                = {Elsevier}
}

@Article{Urmson2008,
  author    = {Urmson, Chris and Anhalt, Joshua and Bagnell, Drew and others},
  title     = {Autonomous driving in urban environments: Boss and the urban challenge},
  journal   = {Journal of Field Robotics},
  year      = {2008},
  volume    = {25},
  number    = {8},
  pages     = {425--466},
  publisher = {Wiley Online Library},
}

@InProceedings{Snoek2012,
  author    = {Snoek, Jasper and Larochelle, Hugo and Adams, Ryan P},
  title     = {Practical bayesian optimization of machine learning algorithms},
  booktitle = {Advances in neural information processing systems},
  year      = {2012},
  pages     = {2951--2959},
}

@Article{Houlsby2011,
  author  = {Houlsby, Neil and Husz{\'a}r, Ferenc and Ghahramani, Zoubin and Lengyel, M{\'a}t{\'e}},
  title   = {Bayesian active learning for classification and preference learning},
  journal = {arXiv preprint arXiv:1112.5745},
  year    = {2011},
}
=======

@Conference{nghiemetal16gp,
  author    = {Truong X. Nghiem and Colin N. Jones},
  title     = {Data-driven Demand Response Modeling and Control of Buildings with Gaussian Processes},
  booktitle = {Proceedings of American Control Conference (ACC)},
  year      = {2017},
}

@Book{Kocijan2016,
  title     = {Modelling and control of dynamic systems using Gaussian process models},
  publisher = {Springer},
  year      = {2016},
  author    = {Kocijan, Ju{\v{s}}},
}

@Conference{watsonetal06sdr,
  author    = {David S. Watson and Sila Kiliccote and Motegi, Naoya and Mary Ann Piette},
  title     = {Strategies for Demand Response in Commercial Buildings},
  booktitle = {2006 {ACEEE} Summer Study on Energy Efficiency in Buildings},
  year      = {2006},
}

@Misc{Waechter2009b,
  author = {W{\"a}chter, A and Biegler, L},
  title  = {IPOPT-an interior point OPTimizer},
  year   = {2009},
}

@Misc{Deru2011,
  author    = {Deru, Michael and Field, Kristin and Studer, Daniel and others},
  title     = {{US Department of Energy} commercial reference building models of the national building stock},
  year      = {2011},
  publisher = {National Renewable Energy Laboratory},
}

@Misc{Transys1975,
  author    = {{University of Wisconsin Madison}},
  title     = {{TRNSYS}, a {T}ransient {S}imulation {P}rogram},
  year      = {1975},
  publisher = {Solar Energy Laboratory},
}

@InProceedings{Deng2010,
  author       = {Deng, Kun and Barooah, Prabir and Mehta, Prashant G and Meyn, Sean P},
  title        = {Building thermal model reduction via aggregation of states},
  booktitle    = {American Control Conference (ACC)},
  year         = {2010},
  pages        = {5118--5123},
  organization = {IEEE},
}

@InProceedings{JainICCPS2018,
  author       = {Jain, Achin and Nghiem, Truong X. and Morari, Manfred and Mangharam, Rahul},
  title        = {{L}earning and {C}ontrol using {G}aussian {P}rocesses},
  booktitle    = {Proceedings of the 9th International Conference on Cyber-Physical Systems (ICCPS)},
  year         = {2018},
  organization = {ACM/IEEE},
}

@InProceedings{bernaletal12mti,
  author    = {Bernal, Willy and Behl, Madhur and Nghiem, Truong X. and Mangharam, Rahul},
  title     = {{MLE+}: a tool for integrated design and deployment of energy efficient building controls},
  booktitle = {Proceedings of ACM Workshop on Embedded Sensing Systems for Energy-Efficiency in Buildings (BuildSys)},
  year      = {2012},
  publisher = {ACM},
  location  = {Toronto, Ontario, Canada},
  pages     = {123--130},
  groups    = {Green Scheduling and Buildings},
  numpages  = {8}
}

@misc{Abadid,
title={{TensorFlow}: Large-Scale Machine Learning on Heterogeneous Systems},
url={https://www.tensorflow.org/},
note={Software available from tensorflow.org},
author={
    Mart\'{\i}n~Abadi and
    Ashish~Agarwal and
    Paul~Barham and others},
  year={2015},
}

@Article{Pedregosa2011,
  author  = {Pedregosa, Fabian and Varoquaux, Ga{\"e}l and Gramfort, Alexandre and others},
  title   = {Scikit-learn: Machine learning in Python},
  journal = {Journal of machine learning research},
  year    = {2011},
  volume  = {12},
  number  = {Oct},
  pages   = {2825--2830},
}

@Article{JainTCPS2018,
  author        = {Jain, Achin and Smarra, Francesco and Behl, Madhur and Mangharam, Rahul},
  title         = {Data-Driven Model Predictive Control with Regression Treesâ€”An Application to Building Energy Management},
  journal       = {ACM Transactions on Cyber-Physical Systems},
  year          = {2018},
  volume        = {2},
  number        = {1},
  pages         = {4},
  __markedentry = {[Achin:]},
  publisher     = {ACM},
}

@Article{Smarra2018,
  author        = {Smarra, Francesco and Jain, Achin and de Rubeis, Tullio and Ambrosini, Dario and Dâ€™Innocenzo, Alessandro and Mangharam, Rahul},
  title         = {Data-driven model predictive control using random forests for building energy optimization and climate control},
  journal       = {Applied Energy},
  year          = {2018},
  __markedentry = {[Achin:6]},
  publisher     = {Elsevier},
}

@Comment{jabref-meta: databaseType:bibtex;}
